@misc{foellinger.2022,
  author = {Föllinger, Otto},
  edition = {13., überarbeitete Auflage},
  isbn = {9783800755196},
  publisher = {Berlin : VDE Verlag},
  title = {{Regelungstechnik : Einführung in die Methoden und ihre Anwendung}},
  year = {2022}
}
